@article{Agnarsson2002OnTheSylvesterDenumerants,
	title 		= "On the Sylvester Denumerants for General Restricted Partitions.",
	author 		= "Agnarsson, G.",
	publisher 	= "Congressus Numerantium",
	year 		= 2002,
	number 		= 154,
	pages 		= {49-60}
}