@book{Dugundji1966Topology,
   title = "Topology",
   author = "Dugundji, James",
   series = "Allyn and Bacon series in advanced mathematics",
   publisher = "Allyn and Bacon",
   address = "Boston",
   isbn = "0-205-00271-4",
   year = 1966
}
url = "http://opac.inria.fr/record=b1079460",
